
@article{komarova_patterns_nodate,
	title = {Patterns of the {COVID}-19 pandemic spread around the world: exponential versus power laws},
	language = {en},
	author = {Komarova, Natalia L and Schang, Luis M and Wodarz, Dominik},
	pages = {10},
	journal={The {Royal} {Society} {Publishing}},
	volume = {17},
	number = {20200518},
	year = {2020}
}

@article{baker2016,
	title = {Is {There} a {Reproducibility} {Crisis} ?},
	volume = {533},
	issn = {0036-8075, 1095-9203},
	url = {https://www.sciencemag.org/lookup/doi/10.1126/science.aac4716},
	doi = {10.1126/science.aac4716},
	author = {Baker, M.},
	journal = {Nature},
	year = {2016},
	pages = {452--454}
}

 @Article{csardi2006,
    title = {The igraph software package for complex network research},
    author = {Gabor Csardi and Tamas Nepusz},
    journal = {InterJournal},
    volume = {Complex Systems},
    pages = {1695},
    year = {2006},
    url = {https://igraph.org},
  }
 @Manual{wickham2021,
    title = {dplyr: A Grammar of Data Manipulation},
    author = {Hadley Wickham and Romain François and Lionel Henry and Kirill Müller},
    year = {2021},
    note = {R package version 1.0.5},
    url = {https://CRAN.R-project.org/package=dplyr}
  }

@Manual{muller2021,
    title = {RSQLite: 'SQLite' Interface for R},
    author = {Kirill Müller and Hadley Wickham and David A. James and Seth Falcon},
    year = {2021},
    note = {R package version 2.2.3},
    url = {https://CRAN.R-project.org/package=RSQLite}
  }

 @Article{wickam2007,
    title = {Reshaping Data with the {reshape} Package},
    author = {Hadley Wickham},
    journal = {Journal of Statistical Software},
    year = {2007},
    volume = {21},
    number = {12},
    pages = {1--20},
    url = {http://www.jstatsoft.org/v21/i12/}
  }

@book{desquilbet_vers_2019,
	title = {Vers une recherche reproductible},
	url = {https://hal.archives-ouvertes.fr/hal-02144142},
	urldate = {2021-04-25},
	publisher = {Unité régionale de formation à l'information scientifique et technique de Bordeaux},
	author = {Desquilbet, Loic and Granger, Sabrina and Hejblum, Boris and Legrand, Arnaud and Pernot, Pascal and Rougier, Nicolas P. and de Castro Guerra, Elisa and Courbin-Coulaud, Martine and Duvaux, Ludovic and Gravier, Pierre and Le Campion, Grégoire and Roux, Solenne and Santos, Frédéric},
	editor = {Bordeaux, Unité régionale de formation à l'information scientifique et technique de},
	month = may,
	year = {2019},
	keywords = {Book sprint, Crise de la réplication, Data reusability, Data sharing, Open data, Open science, Open source, Recherche reproductible, Replication crisis, Reproducible research, Research transparency, Réutilisation des données, Science ouverte, Standardisation, Standardization, Transparence de la recherche},
	file = {HAL PDF Full Text:C\:\\Users\\Anne Ju\\Zotero\\storage\\WC8L9BBK\\Desquilbet et al. - 2019 - Vers une recherche reproductible.pdf:application/pdf}
}

@misc{Gouvevrnement,
	title = {Pandémie de {COVID}-19 - {Ajustements} apportés aux mesures sanitaires en vigueur dans les établissements d'enseignement supérieur du {Québec} situés en zone rouge},
	url = {https://www.quebec.ca/nouvelles/actualites/details/pandemie-de-covid-19-ajustements-apportes-aux-mesures-sanitaires-en-vigueur-dans-les-etablissements-denseignement-superieur-du-quebec-situes-en-zone-rouge},
	language = {fr},
	urldate = {2021-04-25},
	year = {2021},
	author = {{Cabinet de la ministre de l’{Enseignement} supérieur}},
	publisher = {{Gouverement du Québec}},
	file = {Snapshot:C\:\\Users\\Anne Ju\\Zotero\\storage\\YTXUFXKZ\\pandemie-de-covid-19-ajustements-apportes-aux-mesures-sanitaires-en-vigueur-dans-les-etablissem.html:text/html}
}

@misc{UniversiteShebrooke2021,
	title = {Historique des communications - {Coronavirus} - {Université} de {Sherbrooke}},
	url = {https://www.usherbrooke.ca/coronavirus/historique-des-communications/},
	urldate = {2021-04-25},
	year = {2021},
	author = {{Universite de Sherbrooke}},
	file = {Historique des communications - Coronavirus - Université de Sherbrooke:C\:\\Users\\Anne Ju\\Zotero\\storage\\7B2IVIHZ\\historique-des-communications.html:text/html}
}
